
@misc{OpenAI-Blog,
	howpublished = {\url{https://openai.com/blog/openai-five-defeats-dota-2-world-champions/}},
	Author = {Greg Brockman and Vicki Cheung},
	Title = {OpenAI Five Defeats Dota 2 World Champions},
	Year = {April 15, 2019},
}

@misc {OpenAI-baselines-ppo,
	howpublished = {\url{https://openai.com/blog/openai-baselines-ppo/}},
	Author = {OpenAI},
	Title = {Proximal Policy Optimization},
	Year = {July 20, 2017},

}

@misc{1606.01540,
  	Author = {Greg Brockman and Vicki Cheung and Ludwig Pettersson and Jonas Schneider and John Schulman and Jie Tang and Wojciech Zaremba},
  	Title = {OpenAI Gym},
  	Year = {2016},
  	Eprint = {arXiv:1606.01540},
}

@misc{moba-env,
	Author = {GuangYuan Sun},
	note = {Lightspeed and Quantum Studios, Tencent},
	Title = {moba-env},
	Year = {2019}
}
@misc{tensorflow,
title={ {TensorFlow}: Large-Scale Machine Learning on Heterogeneous Systems},
url={https://www.tensorflow.org/},
note={Software available from tensorflow.org},
author={
    Mart\'{\i}n~Abadi and
    Ashish~Agarwal and
    Paul~Barham and
    Eugene~Brevdo and
    Zhifeng~Chen and
    Craig~Citro and
    Greg~S.~Corrado and
    Andy~Davis and
    Jeffrey~Dean and
    Matthieu~Devin and
    Sanjay~Ghemawat and
    Ian~Goodfellow and
    Andrew~Harp and
    Geoffrey~Irving and
    Michael~Isard and
    Yangqing Jia and
    Rafal~Jozefowicz and
    Lukasz~Kaiser and
    Manjunath~Kudlur and
    Josh~Levenberg and
    Dandelion~Man\'{e} and
    Rajat~Monga and
    Sherry~Moore and
    Derek~Murray and
    Chris~Olah and
    Mike~Schuster and
    Jonathon~Shlens and
    Benoit~Steiner and
    Ilya~Sutskever and
    Kunal~Talwar and
    Paul~Tucker and
    Vincent~Vanhoucke and
    Vijay~Vasudevan and
    Fernanda~Vi\'{e}gas and
    Oriol~Vinyals and
    Pete~Warden and
    Martin~Wattenberg and
    Martin~Wicke and
    Yuan~Yu and
    Xiaoqiang~Zheng},
  year={2015},
}
@article{DPPO,
  title={Decentralized Distributed PPO},
  author={Wijmans, Erik and Lee, Abhishek Kadian2 Ari Morcos2 Stefan and Parikh, Irfan Essa1 Devi and Savva, Manolis and Batra, Dhruv}
}
@article{LSTM,
author = {Hochreiter, Sepp and Schmidhuber, JÃ¼rgen},
year = {1997},
month = {12},
pages = {1735-80},
title = {Long Short-term Memory},
volume = {9},
journal = {Neural computation},
doi = {10.1162/neco.1997.9.8.1735}
}
@article{OpenAI-PPO,
  title={Proximal policy optimization algorithms. arXiv 2017},
  author={Schulman, J and Wolski, F and Dhariwal, P and Radford, A and Klimov, O},
  journal={arXiv preprint arXiv:1707.06347}
}
@article{Deep-Mind,
  title={Emergence of locomotion behaviours in rich environments},
  author={Heess, Nicolas and TB, Dhruva and Sriram, Srinivasan and Lemmon, Jay and Merel, Josh and Wayne, Greg and Tassa, Yuval and Erez, Tom and Wang, Ziyu and Eslami, SM and others},
  journal={arXiv preprint arXiv:1707.02286},
  year={2017}
}
@inproceedings{2015,
  title={Trust region policy optimization},
  author={Schulman, John and Levine, Sergey and Abbeel, Pieter and Jordan, Michael and Moritz, Philipp},
  booktitle={International conference on machine learning},
  pages={1889--1897},
  year={2015}
}